%% This BibTeX bibliography file was created using BibDesk.
%% http://bibdesk.sourceforge.net/

%% Created for Fabian Gunzinger at 2017-10-09 14:06:37 +0100 


%% Saved with string encoding Unicode (UTF-8) 



@article{acemoglu2001colonial,
	Author = {Acemoglu, Daron and Johnson, Simon and Robinson, James A.},
	Date-Added = {2017-10-09 13:06:08 +0000},
	Date-Modified = {2017-10-09 13:06:31 +0000},
	Doi = {10.1257/aer.91.5.1369},
	Journal = {American Economic Review},
	Month = {December},
	Number = {5},
	Pages = {1369-1401},
	Title = {The Colonial Origins of Comparative Development: An Empirical Investigation},
	Url = {http://www.aeaweb.org/articles?id=10.1257/aer.91.5.1369},
	Volume = {91},
	Year = {2001},
	Bdsk-Url-1 = {http://www.aeaweb.org/articles?id=10.1257/aer.91.5.1369},
	Bdsk-Url-2 = {http://dx.doi.org/10.1257/aer.91.5.1369}}

@article{kahneman1979prospect,
	Author = {Kahneman, Daniel and Tversky, Amos},
	Date-Added = {2017-10-09 12:56:53 +0000},
	Date-Modified = {2017-10-09 12:56:53 +0000},
	Journal = {Econometrica},
	Number = {2},
	Pages = {263--91},
	Shorttitle = {Prospect Theory},
	Title = {Prospect Theory: An Analysis of Decision under Risk},
	Url = {http://ideas.repec.org/a/ecm/emetrp/v47y1979i2p263-91.html},
	Volume = {47},
	Year = {1979},
	Bdsk-Url-1 = {http://ideas.repec.org/a/ecm/emetrp/v47y1979i2p263-91.html}}
